@article{bloom1970space,
  title={Space/time trade-offs in hash coding with allowable errors},
  author={Bloom, Burton H},
  journal={Communications of the ACM},
  volume={13},
  number={7},
  pages={422--426},
  year={1970},
  publisher={ACM}
}

@incollection{bonomi2006improved,
  title={An improved construction for counting bloom filters},
  author={Bonomi, Flavio and Mitzenmacher, Michael and Panigrahy, Rina and Singh, Sushil and Varghese, George},
  booktitle={Algorithms--ESA 2006},
  pages={684--695},
  year={2006},
  publisher={Springer}
}

@article{bender2012don,
  title={Don't thrash: how to cache your hash on flash},
  author={Bender, Michael A and Farach-Colton, Martin and Johnson, Rob and Kraner, Russell and Kuszmaul, Bradley C and Medjedovic, Dzejla and Montes, Pablo and Shetty, Pradeep and Spillane, Richard P and Zadok, Erez},
  journal={Proceedings of the VLDB Endowment},
  volume={5},
  number={11},
  pages={1627--1637},
  year={2012},
  publisher={VLDB Endowment}
}

@inproceedings{babcock2002models,
  title={Models and issues in data stream systems},
  author={Babcock, Brian and Babu, Shivnath and Datar, Mayur and Motwani, Rajeev and Widom, Jennifer},
  booktitle={Proceedings of the twenty-first ACM SIGMOD-SIGACT-SIGART symposium on Principles of database systems},
  pages={1--16},
  year={2002},
  organization={ACM}
}


@article{munro1980selection,
  title={Selection and sorting with limited storage},
  author={Munro, J Ian and Paterson, Mike S},
  journal={Theoretical computer science},
  volume={12},
  number={3},
  pages={315--323},
  year={1980},
  publisher={Elsevier}
}

@article{cormode2005improved,
  title={An improved data stream summary: the count-min sketch and its applications},
  author={Cormode, Graham and Muthukrishnan, S},
  journal={Journal of Algorithms},
  volume={55},
  number={1},
  pages={58--75},
  year={2005},
  publisher={Elsevier}
}

@inproceedings{broder1997resemblance,
  title={On the resemblance and containment of documents},
  author={Broder, Andrei Z},
  booktitle={Compression and Complexity of Sequences 1997. Proceedings},
  pages={21--29},
  year={1997},
  organization={IEEE}
}

@article{flajolet2008hyperloglog,
  title={HyperLogLog: the analysis of a near-optimal cardinality estimation algorithm},
  author={Flajolet, Philippe and Fusy, {\'E}ric and Gandouet, Olivier and Meunier, Fr{\'e}d{\'e}ric},
  journal={DMTCS Proceedings},
  number={1},
  year={2008}
}

@inproceedings{gibbons1999synopsis,
  title={Synopsis data structures for massive data sets},
  author={Gibbons, Phillip B and Matias, Yossi},
  booktitle={Proceedings of the tenth annual ACM-SIAM symposium on Discrete algorithms},
  pages={909--910},
  year={1999},
  organization={Society for Industrial and Applied Mathematics}
}

@article{blustein2002bloom,
  title={Bloom filters. a tutorial, analysis, and survey},
  author={Blustein, James and El-Maazawi, Amal},
  journal={Halifax, NS: Dalhousie University},
  pages={1--31},
  year={2002}
}

@article{mullin1993estimating,
  title={Estimating the size of a relational join},
  author={Mullin, James K},
  journal={Information Systems},
  volume={18},
  number={3},
  pages={189--196},
  year={1993},
  publisher={Elsevier}
}

@article{antognini2008bloom,
  title={Bloom Filters},
  author={Antognini, Christian and Trivadis, AG},
  journal={Internet: http://antognini. ch/papers/BloomFilters20080620. pdf},
  year={2008}
}

@article{honoroff2006bloom,
  title={An Examination of Bloom Filters and their Applications},
  author={Honoroff, Jacob},
  journal={Internet: http://cs. unc. edu/~fabian/courses/CS600. 624/slides/bloomslides. pdf},
  year={2006}
}

@article{feng1999blue,
  title={BLUE: A new class of active queue management algorithms},
  author={Feng, Wu-chang and Kandlur, Dilip and Saha, Debanjan and Shin, Kang},
  journal={Ann Arbor},
  volume={1001},
  pages={48105},
  year={1999}
}

@article{rousskov1998cache,
  title={Cache digests},
  author={Rousskov, Alex and Wessels, Duane},
  journal={Computer Networks and ISDN Systems},
  volume={30},
  number={22},
  pages={2155--2168},
  year={1998},
  publisher={Elsevier}
}

@article{ramakrishna1989practical,
  title={Practical performance of Bloom filters and parallel free-text searching},
  author={Ramakrishna, MV},
  journal={Communications of the ACM},
  volume={32},
  number={10},
  pages={1237--1239},
  year={1989},
  publisher={ACM}
}

@incollection{kirsch2006less,
  title={Less hashing, same performance: Building a better Bloom filter},
  author={Kirsch, Adam and Mitzenmacher, Michael},
  booktitle={Algorithms--ESA 2006},
  pages={456--467},
  year={2006},
  publisher={Springer}
}

@inproceedings{fan1998summary,
  title={Summary cache: A scalable wide-area web cache sharing protocol},
  author={Fan, Li and Cao, Pei and Almeida, Jussara and Broder, Andrei Z},
  booktitle={ACM SIGCOMM Computer Communication Review},
  volume={28},
  number={4},
  pages={254--265},
  year={1998},
  organization={ACM}
}

@misc{knuth1998art,
  title={The Art of Computer Programming: Sorting and Searching, volume 3, chapter 6.4},
  author={Knuth, D},
  year={1998},
  publisher={Addison Wesley,}
}

@article{guo2010dynamic,
  title={The dynamic bloom filters},
  author={Guo, Deke and Wu, Jie and Chen, Honghui and Yuan, Ye and Luo, Xueshan},
  journal={Knowledge and Data Engineering, IEEE Transactions on},
  volume={22},
  number={1},
  pages={120--133},
  year={2010},
  publisher={IEEE}
}

@article{papapetrou2010cardinality,
  title={Cardinality estimation and dynamic length adaptation for bloom filters},
  author={Papapetrou, Odysseas and Siberski, Wolf and Nejdl, Wolfgang},
  journal={Distributed and Parallel Databases},
  volume={28},
  number={2-3},
  pages={119--156},
  year={2010},
  publisher={Springer}
}

@article{mitzenmacher2002compressed,
  title={Compressed bloom filters},
  author={Mitzenmacher, Michael},
  journal={IEEE/ACM Transactions on Networking (TON)},
  volume={10},
  number={5},
  pages={604--612},
  year={2002},
  publisher={IEEE Press}
}

@inproceedings{kirsch2006distance,
  title={Distance-Sensitive Bloom Filters.},
  author={Kirsch, Adam and Mitzenmacher, Michael},
  booktitle={ALENEX},
  volume={6},
  pages={41--50},
  year={2006},
  organization={SIAM}
}

@inproceedings{cohen2003spectral,
  title={Spectral bloom filters},
  author={Cohen, Saar and Matias, Yossi},
  booktitle={Proceedings of the 2003 ACM SIGMOD international conference on Management of data},
  pages={241--252},
  year={2003},
  organization={ACM}
}

@article{whang1990linear,
  title={A linear-time probabilistic counting algorithm for database applications},
  author={Whang, Kyu-Young and Vander-Zanden, Brad T and Taylor, Howard M},
  journal={ACM Transactions on Database Systems (TODS)},
  volume={15},
  number={2},
  pages={208--229},
  year={1990},
  publisher={ACM}
}

@article{real1996probabilistic,
  title={The probabilistic basis of Jaccard's index of similarity},
  author={Real, Raimundo and Vargas, Juan M},
  journal={Systematic biology},
  pages={380--385},
  year={1996},
  publisher={JSTOR}
}

@book{rajaraman2012mining,
  title={Mining of massive datasets},
  author={Rajaraman, Anand and Ullman, Jeffrey D and Ullman, Jeffrey David and Ullman, Jeffrey David},
  volume={77},
  year={2012},
  publisher={Cambridge University Press Cambridge}
}

@article{teixeira2012min,
  title={Min-hash fingerprints for graph kernels: A trade-off among accuracy, efficiency, and compression},
  author={Teixeira, Carlos HC and Silva, Arlei and Meira Jr, Wagner},
  journal={Journal of Information and Data Management},
  volume={3},
  number={3},
  pages={227},
  year={2012}
}

@article{cohen2001finding,
  title={Finding interesting associations without support pruning},
  author={Cohen, Edith and Datar, Mayur and Fujiwara, Shinji and Gionis, Aristides and Indyk, Piotr and Motwani, Rajeev and Ullman, Jeffrey D and Yang, Cheng},
  journal={Knowledge and Data Engineering, IEEE Transactions on},
  volume={13},
  number={1},
  pages={64--78},
  year={2001},
  publisher={IEEE}
}

@inproceedings{manber1994finding,
  title={Finding Similar Files in a Large File System.},
  author={Manber, Udi and others},
  booktitle={Usenix Winter},
  volume={94},
  pages={1--10},
  year={1994}
}

@inproceedings{heintze1996scalable,
  title={Scalable document fingerprinting},
  author={Heintze, Nevin and others},
  booktitle={1996 USENIX workshop on electronic commerce},
  volume={3},
  number={1},
  year={1996}
}

@inproceedings{indyk1998approximate,
  title={Approximate nearest neighbors: towards removing the curse of dimensionality},
  author={Indyk, Piotr and Motwani, Rajeev},
  booktitle={Proceedings of the thirtieth annual ACM symposium on Theory of computing},
  pages={604--613},
  year={1998},
  organization={ACM}
}

@inproceedings{charikar2002similarity,
  title={Similarity estimation techniques from rounding algorithms},
  author={Charikar, Moses S},
  booktitle={Proceedings of the thiry-fourth annual ACM symposium on Theory of computing},
  pages={380--388},
  year={2002},
  organization={ACM}
}

@article{goemans1995improved,
  title={Improved approximation algorithms for maximum cut and satisfiability problems using semidefinite programming},
  author={Goemans, Michel X and Williamson, David P},
  journal={Journal of the ACM (JACM)},
  volume={42},
  number={6},
  pages={1115--1145},
  year={1995},
  publisher={ACM}
}

@inproceedings{manku2007detecting,
  title={Detecting near-duplicates for web crawling},
  author={Manku, Gurmeet Singh and Jain, Arvind and Das Sarma, Anish},
  booktitle={Proceedings of the 16th international conference on World Wide Web},
  pages={141--150},
  year={2007},
  organization={ACM}
}

@inproceedings{henzinger2006finding,
  title={Finding near-duplicate web pages: a large-scale evaluation of algorithms},
  author={Henzinger, Monika},
  booktitle={Proceedings of the 29th annual international ACM SIGIR conference on Research and development in information retrieval},
  pages={284--291},
  year={2006},
  organization={ACM}
}

@article{shrivastava2014defense,
  title={In defense of minhash over simhash},
  author={Shrivastava, Anshumali and Li, Ping},
  journal={arXiv preprint arXiv:1407.4416},
  year={2014}
}

@article{bardenet2015concentration,
  title={Concentration inequalities for sampling without replacement},
  author={Bardenet, R{\'e}mi and Maillard, Odalric-Ambrym and others},
  journal={Bernoulli},
  volume={21},
  number={3},
  pages={1361--1385},
  year={2015},
  publisher={Bernoulli Society for Mathematical Statistics and Probability}
}

@article{hoeffding1963probability,
  title={Probability inequalities for sums of bounded random variables},
  author={Hoeffding, Wassily},
  journal={Journal of the American statistical association},
  volume={58},
  number={301},
  pages={13--30},
  year={1963},
  publisher={Taylor \& Francis Group}
}

@inproceedings{gionis1999similarity,
  title={Similarity search in high dimensions via hashing},
  author={Gionis, Aristides and Indyk, Piotr and Motwani, Rajeev and others},
  booktitle={VLDB},
  volume={99},
  pages={518--529},
  year={1999}
}

@inproceedings{ioffe2010improved,
  title={Improved consistent sampling, weighted minhash and l1 sketching},
  author={Ioffe, Sergey},
  booktitle={Data Mining (ICDM), 2010 IEEE 10th International Conference on},
  pages={246--255},
  year={2010},
  organization={IEEE}
}

@inproceedings{das2007google,
  title={Google news personalization: scalable online collaborative filtering},
  author={Das, Abhinandan S and Datar, Mayur and Garg, Ashutosh and Rajaram, Shyam},
  booktitle={Proceedings of the 16th international conference on World Wide Web},
  pages={271--280},
  year={2007},
  organization={ACM}
}

@incollection{lee2010partition,
  title={Partition min-hash for partial duplicate image discovery},
  author={Lee, David C and Ke, Qifa and Isard, Michael},
  booktitle={Computer Vision--ECCV 2010},
  pages={648--662},
  year={2010},
  publisher={Springer}
}

@article{rodrigues2013recomendaccao,
  title={Recomenda{\c{c}}{\~a}o de conte{\'u}dos: aplica{\c{c}}{\~a}o de agrupamento distribu{\'\i}do a conte{\'u}dos de TV},
  author={Rodrigues, Alexandre Jos{\'e} Monteiro and others},
  year={2013}
}

@inproceedings{wang2013duplicate,
  title={Duplicate discovery on 2 billion internet images},
  author={Wang, Xin-Jing and Zhang, Lei and Liu, Ce},
  booktitle={Computer Vision and Pattern Recognition Workshops (CVPRW), 2013 IEEE Conference on},
  pages={429--436},
  year={2013},
  organization={IEEE}
}

@inproceedings{chiu2010background,
  title={Background music identification through content filtering and min-hash matching},
  author={Chiu, Chih-Yi and Bountouridis, Dimitrios and Wang, Ju-Chiang and Wang, Hsin-Min},
  booktitle={Acoustics Speech and Signal Processing (ICASSP), 2010 IEEE International Conference on},
  pages={2414--2417},
  year={2010},
  organization={IEEE}
}

@inproceedings{covell2007known,
  title={Known-audio detection using waveprint: spectrogram fingerprinting by wavelet hashing},
  author={Covell, Michele and Baluja, Sanjeev},
  booktitle={Acoustics, Speech and Signal Processing, 2007. ICASSP 2007. IEEE International Conference on},
  volume={1},
  pages={I--237},
  year={2007},
  organization={IEEE}
}

@article{macropol2010scalable,
  title={Scalable discovery of best clusters on large graphs},
  author={Macropol, Kathy and Singh, Ambuj},
  journal={Proceedings of the VLDB Endowment},
  volume={3},
  number={1-2},
  pages={693--702},
  year={2010},
  publisher={VLDB Endowment}
}

@article{flajolet1985probabilistic,
  title={Probabilistic counting algorithms for data base applications},
  author={Flajolet, Philippe and Martin, G Nigel},
  journal={Journal of computer and system sciences},
  volume={31},
  number={2},
  pages={182--209},
  year={1985},
  publisher={Elsevier}
}

@article{morris1978counting,
  title={Counting large numbers of events in small registers},
  author={Morris, Robert},
  journal={Communications of the ACM},
  volume={21},
  number={10},
  pages={840--842},
  year={1978},
  publisher={ACM}
}

@inproceedings{alon1996space,
  title={The space complexity of approximating the frequency moments},
  author={Alon, Noga and Matias, Yossi and Szegedy, Mario},
  booktitle={Proceedings of the twenty-eighth annual ACM symposium on Theory of computing},
  pages={20--29},
  year={1996},
  organization={ACM}
}

@incollection{bar2002counting,
  title={Counting distinct elements in a data stream},
  author={Bar-Yossef, Ziv and Jayram, TS and Kumar, Ravi and Sivakumar, D and Trevisan, Luca},
  booktitle={Randomization and Approximation Techniques in Computer Science},
  pages={1--10},
  year={2002},
  publisher={Springer}
}

@incollection{durand2003loglog,
  title={Loglog counting of large cardinalities},
  author={Durand, Marianne and Flajolet, Philippe},
  booktitle={Algorithms-ESA 2003},
  pages={605--617},
  year={2003},
  publisher={Springer}
}

@article{giroire2009order,
  title={Order statistics and estimating cardinalities of massive data sets},
  author={Giroire, Fr{\'e}d{\'e}ric},
  journal={Discrete Applied Mathematics},
  volume={157},
  number={2},
  pages={406--427},
  year={2009},
  publisher={Elsevier}
}

@article{chassaing2007efficient,
  title={Efficient estimation of the cardinality of large data sets},
  author={Chassaing, Philippe and Gerin, Lucas},
  journal={arXiv preprint math/0701347},
  year={2007}
}

@article{clifford2012statistical,
  title={A statistical analysis of probabilistic counting algorithms},
  author={Clifford, Peter and Cosma, Ioana A},
  journal={Scandinavian Journal of Statistics},
  volume={39},
  number={1},
  pages={1--14},
  year={2012},
  publisher={Wiley Online Library}
}

@inproceedings{metwally2008go,
  title={Why go logarithmic if we can go linear?: Towards effective distinct counting of search traffic},
  author={Metwally, Ahmed and Agrawal, Divyakant and Abbadi, Amr El},
  booktitle={Proceedings of the 11th international conference on Extending database technology: Advances in database technology},
  pages={618--629},
  year={2008},
  organization={ACM}
}

@inproceedings{heule2013hyperloglog,
  title={HyperLogLog in practice: Algorithmic engineering of a state of the art cardinality estimation algorithm},
  author={Heule, Stefan and Nunkesser, Marc and Hall, Alexander},
  booktitle={Proceedings of the 16th International Conference on Extending Database Technology},
  pages={683--692},
  year={2013},
  organization={ACM}
}

@article{melnik2010dremel,
  title={Dremel: interactive analysis of web-scale datasets},
  author={Melnik, Sergey and Gubarev, Andrey and Long, Jing Jing and Romer, Geoffrey and Shivakumar, Shiva and Tolton, Matt and Vassilakis, Theo},
  journal={Proceedings of the VLDB Endowment},
  volume={3},
  number={1-2},
  pages={330--339},
  year={2010},
  publisher={VLDB Endowment}
}

@article{hall2012processing,
  title={Processing a trillion cells per mouse click},
  author={Hall, Alexander and Bachmann, Olaf and B{\"u}ssow, Robert and G{\u{a}}nceanu, Silviu and Nunkesser, Marc},
  journal={Proceedings of the VLDB Endowment},
  volume={5},
  number={11},
  pages={1436--1446},
  year={2012},
  publisher={VLDB Endowment}
}

@article{sindhu2015brief,
  title={A Brief Insight into Computational Tools in Big Data},
  author={Sindhu, CS and Hegde, Nagaratna P},
  year={2015}
}

@article{chabchoub2010sliding,
  title={Sliding HyperLogLog: Estimating cardinality in a data stream},
  author={Chabchoub, Yousra and H{\'e}brail, Georges},
  year={2010}
}

@article{chabchoub2014can,
  title={How can sliding HyperLogLog and EWMA detect port scan attacks in IP traffic?},
  author={Chabchoub, Yousra and Chiky, Raja and Dogan, Betul},
  journal={EURASIP Journal on Information Security},
  volume={2014},
  number={1},
  pages={1--11},
  year={2014},
  publisher={Springer}
}

@online{amazon2015hyperloglog,
  author = {Amazon Web Services, Inc.},
  title = {COUNT function documentation},
  year = 2015,
  url = {https://web.archive.org/web/20151019015738/https://docs.aws.amazon.com/redshift/latest/dg/r_COUNT.html},
  urldate = {2015-11-15}
}


@online{opendns2015hyperloglog,
  author = {Frank Denis},
  title = {Using HyperLogLog to Detect Malware Faster Than Ever},
  year = 2013,
  url = {https://web.archive.org/web/20141229143242/http://labs.opendns.com/2013/12/05/hyperloglog-and-malware-detection/},
  urldate = {2015-11-15}
}

@online{pascoe2013hllminhash,
  author = {Pascoe,Andrew},
  title = {HyperLogLog and MinHash},
  year = 2013,
  url = {https://web.archive.org/web/20150924072005/http://tech.adroll.com/media/hllminhash.pdf},
  urldate = {2015-11-22}
}

@online{appleby2012murmur,
  author = {Appleby,Austin},
  title = {SMHasher and MurmurHash},
  year = 2012,
  url = {https://web.archive.org/web/20151117170508/https://code.google.com/p/smhasher/},
  urldate = {2015-12-03}
}

@inproceedings{indyk2003tight,
  title={Tight lower bounds for the distinct elements problem},
  author={Indyk, Piotr and Woodruff, David},
  booktitle={Foundations of Computer Science, 2003. Proceedings. 44th Annual IEEE Symposium on},
  pages={283--288},
  year={2003},
  organization={IEEE}
}

@book{figueiredo2007randomizados,
    author = {Figueiredo,Celina Miraglia Herrera de and Fonseca,Guilherme Dias da and Lemos,Manoel José Machado Soares and Sá,Vinícius Gusmão Pereira de},
    title = {Introdução aos Algoritmos Randomizados},
    publisher = {26º Colóquio Brasileiro de Matemática},
    year = {2007}
}

@inproceedings{rusu2007statistical,
  title={Statistical analysis of sketch estimators},
  author={Rusu, Florin and Dobra, Alin},
  booktitle={Proceedings of the 2007 ACM SIGMOD international conference on Management of data},
  pages={187--198},
  year={2007},
  organization={ACM}
}

@inproceedings{zhao2006finding,
  title={Finding global icebergs over distributed data sets},
  author={Zhao, Qi George and Ogihara, Mitsunori and Wang, Haixun and Xu, Jun Jim},
  booktitle={Proceedings of the twenty-fifth ACM SIGMOD-SIGACT-SIGART symposium on Principles of database systems},
  pages={298--307},
  year={2006},
  organization={ACM}
}

@article{zhang2014these,
  title={These are not the k-mers you are looking for: efficient online k-mer counting using a probabilistic data structure},
  author={Zhang, Qingpeng and Pell, Jason and Canino-Koning, Rosangela and Howe, Adina Chuang and Brown, C Titus},
  journal={PloS one},
  volume={9},
  number={7},
  pages={e101271},
  year={2014},
  publisher={Public Library of Science}
}

@article{schechterpopularity,
  title={Popularity is everything},
  author={Schechter, Stuart and Herley, Cormac and Mitzenmacher, Michael}
}

@inproceedings{salem2008novel,
  title={A novel approach for anomaly detection over high-speed networks},
  author={Salem, Osman and Vaton, Sandrine and Gravey, Annie},
  booktitle={Proceedings of the 3rd European Conference on Computer Network Defense},
  pages={49--68},
  year={2008},
  organization={Springer}
}

@book{spinrad2003efficient,
  title={Efficient graph representations},
  author={Spinrad, Jeremy P},
  year={2003},
  publisher={American mathematical society}
}

@article{pell2012scaling,
  title={Scaling metagenome sequence assembly with probabilistic de Bruijn graphs},
  author={Pell, Jason and Hintze, Arend and Canino-Koning, Rosangela and Howe, Adina and Tiedje, James M and Brown, C Titus},
  journal={Proceedings of the National Academy of Sciences},
  volume={109},
  number={33},
  pages={13272--13277},
  year={2012},
  publisher={National Acad Sciences}
}

@article{dahlhaus2002partially,
  title={Partially Complemented Representations of Digraphs.},
  author={Dahlhaus, Elias and Gustedt, Jens and McConnell, Ross M},
  journal={Discrete Mathematics \& Theoretical Computer Science},
  volume={5},
  number={1},
  pages={147--168},
  year={2002}
}

@article{chandoo2016implicit,
  title={On the Implicit Graph Conjecture},
  author={Chandoo, Maurice},
  journal={arXiv preprint arXiv:1603.01977},
  year={2016}
}

@article{muller1988local,
  title={Local structure in graph classes},
  author={Muller, John Harold},
  year={1988},
  publisher={Georgia Institute of Technology}
}

@article{kannan1992implicat,
  title={Implicit representation of graphs},
  author={Kannan, Sampath and Naor, Moni and Rudich, Steven},
  journal={SIAM Journal on Discrete Mathematics},
  volume={5},
  number={4},
  pages={596--603},
  year={1992},
  publisher={SIAM}
}